<record><leader>00000cas a22000007i 4500</leader><controlfield tag="001">862977564</controlfield><controlfield tag="006">m     o  d        </controlfield><controlfield tag="007">cr |n|000|||||</controlfield><controlfield tag="008">860819d18801913txuwr neo     0   a0eng  </controlfield><datafield ind1=" " ind2=" " tag="010"><subfield code="a">  2013271944</subfield></datafield><datafield ind1=" " ind2=" " tag="040"><subfield code="a">Nz</subfield><subfield code="b">eng</subfield><subfield code="e">rda</subfield><subfield code="c">Z5A</subfield><subfield code="d">DLC</subfield><subfield code="d">OCLCF</subfield></datafield><datafield ind1="0" ind2=" " tag="022"><subfield code="a">2333-6242</subfield><subfield code="2">1</subfield></datafield><datafield ind1="0" ind2=" " tag="029"><subfield code="a">NZ1</subfield><subfield code="b">15126729</subfield></datafield><datafield ind1=" " ind2=" " tag="042"><subfield code="a">msc</subfield><subfield code="a">nsdp</subfield></datafield><datafield ind1=" " ind2=" " tag="043"><subfield code="a">n-us-tx</subfield></datafield><datafield ind1="1" ind2="0" tag="050"><subfield code="a">ISSN RECORD</subfield></datafield><datafield ind1="0" ind2="0" tag="082"><subfield code="a">071</subfield><subfield code="2">23</subfield></datafield><datafield ind1="0" ind2=" " tag="130"><subfield code="a">Bryan eagle (Online)</subfield></datafield><datafield ind1=" " ind2="4" tag="222"><subfield code="a">The Bryan eagle</subfield><subfield code="b">(Online)</subfield></datafield><datafield ind1="1" ind2="4" tag="245"><subfield code="a">The Bryan eagle.</subfield></datafield><datafield ind1="1" ind2="3" tag="246"><subfield code="a">Bryan weekly eagle</subfield></datafield><datafield ind1=" " ind2="1" tag="264"><subfield code="a">Bryan, Texas :</subfield><subfield code="b">Wm. D Cox</subfield></datafield><datafield ind1=" " ind2=" " tag="300"><subfield code="a">1 online resource</subfield></datafield><datafield ind1=" " ind2=" " tag="310"><subfield code="a">Weekly</subfield></datafield><datafield ind1=" " ind2=" " tag="336"><subfield code="a">text</subfield><subfield code="b">txt</subfield><subfield code="2">rdacontent</subfield></datafield><datafield ind1=" " ind2=" " tag="337"><subfield code="a">computer</subfield><subfield code="b">c</subfield><subfield code="2">rdamedia</subfield></datafield><datafield ind1=" " ind2=" " tag="338"><subfield code="a">online resource</subfield><subfield code="b">cr</subfield><subfield code="2">rdacarrier</subfield></datafield><datafield ind1="1" ind2=" " tag="362"><subfield code="a">Began in 1880? Ceased April 4, 1913.</subfield></datafield><datafield ind1=" " ind2=" " tag="500"><subfield code="a">Begins re-numbering (Vol. 1, no. 1)--on Oct. 26, 1889.</subfield></datafield><datafield ind1=" " ind2=" " tag="588"><subfield code="a">Description based on: Vol. I, no. 3 (June 7, 1892); title from masthead (Chroniclingamerica.loc.gov, viewed February 5, 2014).</subfield></datafield><datafield ind1=" " ind2=" " tag="588"><subfield code="a">Latest issue consulted: Volume 33, number 52 (March 13, 1913) (Chroniclingamerica.loc.gov, viewed February 5, 2014).</subfield></datafield><datafield ind1=" " ind2="0" tag="651"><subfield code="a">Bryan (Tex.)</subfield><subfield code="v">Newspapers.</subfield></datafield><datafield ind1=" " ind2="7" tag="655"><subfield code="a">Newspapers.</subfield><subfield code="2">fast</subfield><subfield code="0">(OCoLC)fst01423814</subfield></datafield><datafield ind1=" " ind2="7" tag="651"><subfield code="a">Texas</subfield><subfield code="z">Bryan.</subfield><subfield code="2">fast</subfield><subfield code="0">(OCoLC)fst01221153</subfield></datafield><datafield ind1=" " ind2=" " tag="752"><subfield code="a">United States</subfield><subfield code="b">Texas</subfield><subfield code="c">Brazos</subfield><subfield code="d">Bryan.</subfield></datafield><datafield ind1="0" ind2=" " tag="775"><subfield code="t">Bryan daily eagle (Online)</subfield></datafield><datafield ind1="0" ind2=" " tag="775"><subfield code="t">Bryan morning eagle (Online)</subfield></datafield><datafield ind1="0" ind2=" " tag="775"><subfield code="t">Bryan morning eagle and pilot (Online)</subfield></datafield><datafield ind1="0" ind2=" " tag="775"><subfield code="t">Bryan daily eagle and pilot (Online)</subfield></datafield><datafield ind1="0" ind2="8" tag="776"><subfield code="i">Originally issued in print:</subfield><subfield code="t">Bryan eagle</subfield><subfield code="x">2333-6234</subfield><subfield code="w">(DLC)sn 86088572</subfield><subfield code="w">(OCoLC)14109035</subfield></datafield><datafield ind1="0" ind2="7" tag="785"><subfield code="t">Brazos pilot (Online)</subfield></datafield><datafield ind1="0" ind2="7" tag="785"><subfield code="t">Bryan eagle and pilot (Online)</subfield></datafield><datafield ind1="4" ind2="0" tag="856"><subfield code="u">http://www.loc.gov/chroniclingamerica/lccn/sn86088572/issues</subfield></datafield></record>